@inproceedings{lecun, 
author={Y. Le Cun and O. Matan and B. Boser and J. S. Denker and D. Henderson and R. E. Howard and W. Hubbard and L. D. Jacket and H. S. Baird}, 
booktitle={[1990] Proceedings. 10th International Conference on Pattern Recognition}, 
title={Handwritten zip code recognition with multilayer networks}, 
year={1990}, 
volume={ii}, 
pages={35-40 vol.2}, 
keywords={mailing systems;neural nets;optical character recognition;US Postal Service;back-propagation networks;handwritten zip code recognition;isolated digits;multilayer networks;size-normalized images;statistical methods;structural neural networks;Computer networks;Data mining;Feature extraction;Handwriting recognition;Neural networks;Nonhomogeneous media;Pattern recognition;Postal services;Spatial databases;Testing}, 
doi={10.1109/ICPR.1990.119325}, 
month={Jun},}

@incollection{krizhevsky,
title = {ImageNet Classification with Deep Convolutional Neural Networks},
author = {Alex Krizhevsky and Sutskever, Ilya and Hinton, Geoffrey E},
booktitle = {Advances in Neural Information Processing Systems 25},
editor = {F. Pereira and C. J. C. Burges and L. Bottou and K. Q. Weinberger},
pages = {1097--1105},
year = {2012},
publisher = {Curran Associates, Inc.},
url = {http://papers.nips.cc/paper/4824-imagenet-classification-with-deep-convolutional-neural-networks.pdf}
}

@INPROCEEDINGS{imagenet,
    author = {Jia Deng and Wei Dong and Richard Socher and Li-jia Li and Kai Li and Li Fei-fei},
    title = {Imagenet: A large-scale hierarchical image database},
    booktitle = {In CVPR},
    year = {2009}
}


@misc{tensorflow2015-whitepaper,
title={ {TensorFlow}: Large-Scale Machine Learning on Heterogeneous Systems},
url={http://tensorflow.org/},
note={Software available from tensorflow.org},
author={
    Mart\'{\i}n~Abadi and
    Ashish~Agarwal and
    Paul~Barham and
    Eugene~Brevdo and
    Zhifeng~Chen and
    Craig~Citro and
    Greg~S.~Corrado and
    Andy~Davis and
    Jeffrey~Dean and
    Matthieu~Devin and
    Sanjay~Ghemawat and
    Ian~Goodfellow and
    Andrew~Harp and
    Geoffrey~Irving and
    Michael~Isard and
    Yangqing Jia and
    Rafal~Jozefowicz and
    Lukasz~Kaiser and
    Manjunath~Kudlur and
    Josh~Levenberg and
    Dan~Man\'{e} and
    Rajat~Monga and
    Sherry~Moore and
    Derek~Murray and
    Chris~Olah and
    Mike~Schuster and
    Jonathon~Shlens and
    Benoit~Steiner and
    Ilya~Sutskever and
    Kunal~Talwar and
    Paul~Tucker and
    Vincent~Vanhoucke and
    Vijay~Vasudevan and
    Fernanda~Vi\'{e}gas and
    Oriol~Vinyals and
    Pete~Warden and
    Martin~Wattenberg and
    Martin~Wicke and
    Yuan~Yu and
    Xiaoqiang~Zheng},
  year={2015},
}

@article{DBLP:journals/corr/AbadiBCCDDDGIIK16,
  author    = {Mart{\'{\i}}n Abadi and
               Paul Barham and
               Jianmin Chen and
               Zhifeng Chen and
               Andy Davis and
               Jeffrey Dean and
               Matthieu Devin and
               Sanjay Ghemawat and
               Geoffrey Irving and
               Michael Isard and
               Manjunath Kudlur and
               Josh Levenberg and
               Rajat Monga and
               Sherry Moore and
               Derek Gordon Murray and
               Benoit Steiner and
               Paul A. Tucker and
               Vijay Vasudevan and
               Pete Warden and
               Martin Wicke and
               Yuan Yu and
               Xiaoqiang Zhang},
  title     = {TensorFlow: {A} system for large-scale machine learning},
  journal   = {CoRR},
  volume    = {abs/1605.08695},
  year      = {2016},
  url       = {http://arxiv.org/abs/1605.08695},
  timestamp = {Wed, 07 Jun 2017 14:41:30 +0200},
  biburl    = {http://dblp.uni-trier.de/rec/bib/journals/corr/AbadiBCCDDDGIIK16},
  bibsource = {dblp computer science bibliography, http://dblp.org}
}


@article{ kussul, 
author={N. Kussul and M. Lavreniuk and S. Skakun and A. Shelestov}, 
journal={IEEE Geoscience and Remote Sensing Letters}, 
title={Deep Learning Classification of Land Cover and Crop Types Using Remote Sensing Data}, 
year={2017}, 
volume={14}, 
number={5}, 
pages={778-782}, 
keywords={crops;image segmentation;land cover;multilayer perceptrons;neural nets;vegetation mapping;Landsat-8 remote sensing satellite;MLP;Sentinel-1A remote sensing satellite;Ukraine;crop assessment;crop monitoring;deep learning architecture;deep learning classification;heterogeneous environment;image processing;land cover;maize;missing data restoration;multilayer perceptron;multitemporal multisource satellite imagery;optical imagery segmentation;remote sensing community random forest;remote sensing images;soybeans;sugar beet;summer crop type classification;sunflower;supervised neural network architecture;supervised neural network ensemble;unsupervised neural network;wheat;Agriculture;Artificial neural networks;Earth;Optical imaging;Optical sensors;Remote sensing;Satellites;Agriculture;Landsat-8;Sentinel-1;TensorFlow;Ukraine;convolutional neural networks (CNNs);crop classification;deep learning (DL);joint experiment of crop assessment and monitoring (JECAM);remote sensing (RS)}, 
doi={10.1109/LGRS.2017.2681128}, 
ISSN={1545-598X}, 
month={May},}

@article{ scott, 
author={G. J. Scott and M. R. England and W. A. Starms and R. A. Marcum and C. H. Davis}, 
journal={IEEE Geoscience and Remote Sensing Letters}, 
title={Training Deep Convolutional Neural Networks for Land-Cover Classification of High-Resolution Imagery}, 
year={2017}, 
volume={14}, 
number={4}, 
pages={549-553}, 
keywords={geophysical image processing;image classification;land cover;neural nets;remote sensing;CaffeNet;GoogLeNet;ResNet;UC Merced data set;aerial imagery;data augmentation;deep visual feature extraction;high-resolution imagery;high-resolution remote sensing imagery;image domain;image modalities;land-cover classification;machine learning paradigm;massive labeled remote-sensing image;satellite imagery;training deep convolutional neural networks;training image data sets;transfer learning;Feature extraction;Iron;Neural networks;Remote sensing;Training;Training data;Visualization;Deep convolutional neural network (DCNN);deep learning;high-resolution remote sensing imagery;landâ€“cover classification;transfer learning (TL)}, 
doi={10.1109/LGRS.2017.2657778}, 
ISSN={1545-598X}, 
month={April},
}

@ARTICLE{pan, 
author={S. J. Pan and Q. Yang}, 
journal={IEEE Transactions on Knowledge and Data Engineering}, 
title={A Survey on Transfer Learning}, 
year={2010}, 
volume={22}, 
number={10}, 
pages={1345-1359}, 
keywords={knowledge engineering;learning by example;optimisation;unsupervised learning;data mining;inductive transfer learning;knowledge transfer;machine learning;transductive transfer learning;unsupervised transfer learning;Data mining;Knowledge engineering;Knowledge transfer;Labeling;Learning systems;Machine learning;Machine learning algorithms;Space technology;Testing;Training data;Transfer learning;data mining.;machine learning;survey}, 
doi={10.1109/TKDE.2009.191}, 
ISSN={1041-4347}, 
month={Oct},}










@article{2009arXiv0906.4883H,
   	author = {{Hanche-Olsen}, H. and {Holden}, H.},
    	title = {The Kolmogorov-Riesz Compactness Theorem},
  	journal = {ArXiv e-prints},
     	year = {2009},
    	month = {June}
}
@article{comparing_images_using_the_hausdorff_distance,
	author = {Daniel P. Huttenlocher and Gregory A. Klanderman and William J. Rucklidge},
	title = {Comparing Images Using the Hausdorff Distance},
	journal = {IEEE Transactions on Pattern Analysis and Machine Inteligence},
	volume = {15},
	number = {9},
	pages = {850-863},
	year = {1993},
	month = {September}
}

@article{a_general_theory_of_limits,
    author    = {E. H. Moore and H. L. Smith},
    title     = {A General Theory of Limits},
    journal   = {American Journal of Mathematics},
    volume   = {44},
    number   = {2},
    pages    = {102-121},
    year      = {1922},
    month    = {April}
}
@article{on_compact_topological_spaces,
    author    = {P.S. Aleksandrov and P.S. Urysohn},
    title     = {On Compact Topological Spaces },
    journal   = {Trudy Mat. Inst. Steklov.},
    volume   = {31},
    year      = {1950(In Russian)},
}
@article{a_note_on_compactness,
    author    = {E. H. Hanson},
    title     = {A Note on Compactness},
    journal   = {Bull. Amer. Math. Soc.},
    volume   = {39},
    number   = {6},
    pages    = {397-400},
    year      = {1933},
    month    = {February}
}
@article{another_proof_that_any_compact_metric_space_is_the_continuous_image_of_the_cantor_set
,
    author    = {Ira Rosenholtz},
    title     = {Another Proof that Any Compact Metric Space is the Continuous Image of the Cantor Set},
    journal   = {The American Mathematical Monthly},
    volume   = {23},
    number   = {8},
    pages    = {646-647},
    year      = {1976},
    month    = {October}
}
@article{a_pedagogical_history_of_compactness,
    author    = {Manya Raman Sundstr\"om},
    title     = {A pedagogical history of compactness},
    journal   = {ArXiv e-prints},
    year = {2010},
    month = {June}
}
@article{condiciones_de_compacidad_de_ascoli_arzela,
    author    = {Fyodor A. Medvedev},
    title     = {Condiciones de Compacidad de Ascoli-Arzel\`a},
    journal   = {Llull: Revista de la Sociedad Espa\~{n}ola de Historia de las Ciencias y de las T\'ecnicas},
    volume   = {15},
    number   = {28},
    pages    = {85-128},
    year      = {1991},
    month    = {Junio}
}
@article{leopold_vietoris,
    author    = {Heinrich Reitberger},
    title     = {Leopold Vietoris},
    journal   = {American Mathematical Society},
    volume   = {49},
    number   = {10},
    pages    = {1232-1236},
    year      = {2002},
    month    = {November}
}
@article{fractals_and_self-similarity,
    author    = {John E. Hutchinson},
    title     = {Fractals and Self-similarity},
    journal   = {Indiana University Mathematics Journal},
    volume   = {30},
    number   = {5},
    pages    = {713-747},
    year      = {1981},
}
@article{genese_et_evolution_de_l_idee_de_compact,
    author    = {Jean-Paul Pier},
    title     = {Gen\`ese et \'{e}volution de l'id\`ee de compact},
    journal   = {Revue d'histoire des sciences},
    volume   = {14},
    number   = {2},
    pages    = {169-179},
    year      = {1961}
}
@article{a_contribution_to_the_mathematical_theory_of_big_game_hunting,
    author    = {H. Petard},
    title     = {A Contribution to the Mathematical Theory of Big Game Hunting},
    journal   = {The American Mathematical Monthly},
    volume   = {45},
    number   = {7},
    pages    = {446-447},
    year      = {1988},
    month    = {August-September}
}
@article{some_modern_mathematical_methods_in_the_theory_of_lion_hunting,
    author    = {Otto Morphy},
    title     = {Some Modern Mathematical Methods in the Theory of Lion Hunting},
    journal   = {The American Mathematical Monthly},
    volume   = {75},
    number   = {2},
    pages    = {185-187},
    year      = {1968},
    month    = {February}
}
@article{sur_les_fonctions_de_n_variables_complexes,
    author    = {Pierre Cousin},
    title     = {Sur les Functions de n Variables Complexes},
    journal   = {Acta Mathematica},
    volume   = {19},
    pages    = {1-61},
    year      = {1894},
    month    = {Avril}
}
@article{the_role_of_compactness_in_analysis,
    author    = {Edwin Hewitt},
    title     = {The Role of Compactness in Analysis},
    journal   = {The American Mathematical Monthly},
    volume   = {67},
    number   = {6},
    pages    = {499-516},
    year      = {1960},
    month    = {June-July}
}
@book{lebesgue,
    author    = {Lebesgue, Henri-L\'eon},
    title     = {Le\c{c}ons sur l'int\'egration et la recherche des fonctions primitives},
    publisher = {Gauthier-Villars},
    address  = {Paris, France},
    year      = {1904},
}

@book{natanson,
	author={Natanson, I. P.},
	title={Theory of Functions of a Real Variable},
	publisher={Ungar Pub Co},
	volume={2},
	address={Massachusetts, United States of America},
	edition  = {Third edition},
	year={1967}
}


@book{rudin,
	author={Rudin, Walter},
	title={Principles of Mathematical Analysis},
	publisher={McGraw-Hill},
	address={Massachusetts, United States of America},
	edition  = {Third edition},
	year={1976}
}
@book{charalambos,
	author={Charalambos D. Aliprantis and Kim C. Border},
	title={Infinite Dimensional Analysis: A Hitchhiker's Guide},
	publisher={Springer-Verlag},
	address={Heilderberg, Germany},
	year={1994}
}
@book{apostol,
	author={Apostol, Tom M.},
	title={Mathematical Analysis: A Modern Approach to Advanced Calculus},
	publisher={Addison-Wesley},
	address={Massachusetts, United States of America},
	edition  ={Second Printing},
	year={1965}
}
@book{folland,
	author={Folland, Gerald B.},
	title={Real Analysis: Modern Techniques and Their Applications},
	publisher={Wiley-Interscience},
	address={New York},
	edition  ={Second Edition},
	year={1999}
}
@book{yosida,
	author={Yosida, KÃ´saku},
	title={Functional Analysis},
	publisher={Springer-Verlag},
	address={Berlin, Germany},
	edition  ={Fifth Edition},
	year={1978}
}
@book{shilov,
	author={Shilov, Georgi E.},
	title={Elementary Real and Complex Analysis},
	publisher={Dover Publications},
	address={New York, United States of America},
	year={1973}
}
@book{analysis_history,
    author    = {Heirer, Ernst and Wanner, Gerhard},
    title     = {Analysis by Its History},
    publisher = {Springer},
    address  = {Geneva, Switzerland},
    year      = {2008},
}
@book{engelking,
    author    = {Engelking, Ryszard},
    title     = {General Topology},
    publisher = {Heldermann Verlag},
    volume   = {Vol.6},
    series   = {Sigma series in pure mathematics},
    address  = {Waszawa, Poland},
    year      = {1989},
}
@book{royden,
    author    = {Royden, Halsey},
    title     = {Real Analysis},
    publisher = {Prentice Hall},
    address  = {California, United States of America},
    edition  = {Third edition},
    year      = {1988},
}
@book{topology_history,
    author    = {Aull, C.E. and Lowen, R.},
    title     = {Handbook of the History of General Topology},
    publisher = {Kluwer Academic Publishers},
    volume   = {Vol. 2},
    address  = {Dordrecht, The Netherlands},
    year      = {1998},
}
@book{fractals,
    author    = {Barnsley, Michael},
    title     = {Fractals Everywhere},
    publisher = {Academic Press},
    address  = {California, United States of America},
    year      = {1988},
}
@book{tao,
    author    = {Tao, Terence},
    title     = {Analysis I},
    publisher = {Hindustan Book Agency},
    number   = {37},
    series   = {Texts and Reading in Mathematics},
    address  = {California, United States of America},
    year      = {2006},
}
@book{giles,
    author    = {Giles, John},
    title     = {Analysis I},
    publisher = {Cambridge University Press},
    number   = {3},
    series   = {Australian Mathematical Society; Lecture Series},
    address  = {Melbourne, Australia},
    year      = {1987},
}
@book{munkres,
    author    = {Munkres, James R.},
    title     = {Topology},
    publisher = {Prentice-Hall},
    edition  ={Second Edition},
    address  = {New Jersey, United States of America},
    year      = {2000},
}
@book{marsden,
    author    = {Marsden, Jerrold E. and Hoffman, Michael J.},
    title     = {An\'alisis B\'asico de Variable Compleja},
    publisher = {Trillas},
    edition  ={Primera Edici\'on},
    address  = {Distrito Federal, M\'exico},
    year      = {1996},
}

@article {a_simple_proof_of_tychonoffs_theorem_via_nets,
    author    = {Paul R. Chernoff},
    title     = {A Simple Proof of Tychonoff's Theorem Via Nets},
    journal   = {The American Mathematical Monthly},
    volume    = {99},
    number    = {10},
    pages     = {932-934},
    year      = {1992},
    month     = {December}
}


